https://www.pp.rhul.ac.uk/~cowan/stat/lecture1.pdf
http://superk.physics.sunysb.edu/~mcgrew/phy310/
http://www.bbk.ac.uk/ems/faculty/brooms/teaching/stats-analysis.htm

http://unimap.unipi.it/registri/dettregistriNEW.php?re=2089032::::&ri=11137

http://www.pp.rhul.ac.uk/~cowan/sda/
https://qmplus.qmul.ac.uk/course/view.php?id=3081&section=6

https://cloud.acrobat.com/folder/c7eabbff-5c65-4cc7-bb23-aa59f73767bf

Data analysis Brandt: Chap 6: campioni (par estimator); popolazione: distribuzione=probability density. chap 7 Likelihood

https://sites.google.com/site/michaeljosephmorello/teaching/statistics

%%Goodness of fit
https://onlinecourses.science.psu.edu/stat504/node/60

